@misc{snapnets,
    author       = {Jure Leskovec and Andrej Krevl},
    title        = {{SNAP Datasets}: {Stanford} Large Network Dataset Collection},
    howpublished = {\url{http://snap.stanford.edu/data}},
    month        = jun,
    year         = 2014
}

@online(dataset, 
    author      = {Jure Leskovec, J. Kleinberg and C. Faloutsos},
    title       = {Gnutella dataset},
    url         = {https://snap.stanford.edu/data/p2p-Gnutella04.html},
    urldate     = {2021-12-11},
    date        = {2021-12-11},
)